<record><leader>00000cas a2200000 a 4500</leader><controlfield tag="001">5283755</controlfield><controlfield tag="008">790817c19749999nyudn ne      0    0eng d</controlfield><datafield ind1=" " ind2=" " tag="010"><subfield code="a">sn 84031526 </subfield></datafield><datafield ind1=" " ind2=" " tag="040"><subfield code="a">ZBM</subfield><subfield code="b">eng</subfield><subfield code="c">ZBM</subfield><subfield code="d">NYS</subfield><subfield code="d">NYG</subfield><subfield code="d">NYS</subfield><subfield code="d">OCL</subfield><subfield code="d">OCLCQ</subfield><subfield code="d">OCLCF</subfield><subfield code="d">OCLCO</subfield></datafield><datafield ind1="1" ind2=" " tag="029"><subfield code="a">AU@</subfield><subfield code="b">000025801818</subfield></datafield><datafield ind1="1" ind2=" " tag="029"><subfield code="a">NZ1</subfield><subfield code="b">13242055</subfield></datafield><datafield ind1=" " ind2=" " tag="037"><subfield code="b">Daily Star, 102 Chestnut St., Oneonta, NY 13820</subfield></datafield><datafield ind1=" " ind2=" " tag="042"><subfield code="a">msc</subfield></datafield><datafield ind1="0" ind2=" " tag="130"><subfield code="a">Daily star (Oneonta, N.Y.)</subfield></datafield><datafield ind1="0" ind2="4" tag="245"><subfield code="a">The daily star.</subfield></datafield><datafield ind1="3" ind2="0" tag="246"><subfield code="a">Oneonta star</subfield></datafield><datafield ind1=" " ind2=" " tag="260"><subfield code="a">Oneonta, N.Y. :</subfield><subfield code="b">Oneonta Star,</subfield><subfield code="c">1974-</subfield></datafield><datafield ind1=" " ind2=" " tag="300"><subfield code="a">v. :</subfield><subfield code="b">ill. ;</subfield><subfield code="c">58 cm.</subfield></datafield><datafield ind1=" " ind2=" " tag="310"><subfield code="a">Daily (except Sunday)</subfield></datafield><datafield ind1="0" ind2=" " tag="362"><subfield code="a">Vol. 83, no. 285 (May 28, 1974)-</subfield></datafield><datafield ind1=" " ind2=" " tag="500"><subfield code="a">Special 60 p. 100th Anniversary ed. published June 19, 1990, with title: Oneonta star.</subfield></datafield><datafield ind1=" " ind2=" " tag="515"><subfield code="a">No issue published for Monday, May 27, 1974.</subfield></datafield><datafield ind1=" " ind2=" " tag="580"><subfield code="a">Weekly ed.: Neighbors (Oneonta, N.Y.), &lt;1994&gt;.</subfield></datafield><datafield ind1=" " ind2="0" tag="651"><subfield code="a">Oneonta (N.Y.)</subfield><subfield code="v">Newspapers.</subfield></datafield><datafield ind1=" " ind2="0" tag="651"><subfield code="a">Otsego County (N.Y.)</subfield><subfield code="v">Newspapers.</subfield></datafield><datafield ind1=" " ind2="7" tag="655"><subfield code="a">Newspapers.</subfield><subfield code="2">fast</subfield><subfield code="0">(OCoLC)fst01423814</subfield></datafield><datafield ind1=" " ind2="7" tag="651"><subfield code="a">New York (State)</subfield><subfield code="z">Oneonta.</subfield><subfield code="2">fast</subfield><subfield code="0">(OCoLC)fst01205347</subfield></datafield><datafield ind1=" " ind2="7" tag="651"><subfield code="a">New York (State)</subfield><subfield code="z">Otsego County.</subfield><subfield code="2">fast</subfield><subfield code="0">(OCoLC)fst01207820</subfield></datafield><datafield ind1=" " ind2=" " tag="752"><subfield code="a">United States</subfield><subfield code="b">New York</subfield><subfield code="c">Otsego</subfield><subfield code="d">Oneonta.</subfield></datafield><datafield ind1="1" ind2=" " tag="775"><subfield code="t">Neighbors (Oneonta, N.Y.)</subfield><subfield code="w">(DLC)sn 94057776</subfield><subfield code="w">(OCoLC)30447097</subfield></datafield><datafield ind1="0" ind2="0" tag="780"><subfield code="t">Oneonta star (Oneonta, N.Y. : 1940)</subfield><subfield code="w">(DLC)sn 84031478</subfield></datafield></record>